<?xml version="1.0" encoding="UTF-8"?><collection xmlns="http://www.loc.gov/MARC21/slim"><record><leader>00543nam--2200169-i-4500</leader><controlfield tag="001">000044013</controlfield><controlfield tag="002">20161230</controlfield><controlfield tag="005">20161230201044</controlfield><controlfield tag="008">060222s1000------------r-----000-0-eng-d</controlfield><datafield ind1=" " ind2=" " tag="040"><subfield code="a">IFIN-HH</subfield></datafield><datafield ind1=" " ind2=" " tag="080"><subfield code="a">536.6</subfield></datafield><datafield ind1="1" ind2=" " tag="110"><subfield code="a">American Institute Of Physics</subfield></datafield><datafield ind1="1" ind2="0" tag="245"><subfield code="a">Temperature. its measurement and control in science and industry</subfield><subfield code="b">Papers presented at a symposium held in new york city, november 1939</subfield></datafield><datafield ind1=" " ind2=" " tag="260"><subfield code="a">New York</subfield><subfield code="b">Reinhold Publishing Corporation</subfield><subfield code="c">1941</subfield></datafield><datafield ind1=" " ind2=" " tag="300"><subfield code="a">1362P</subfield></datafield><datafield ind1=" " ind2=" " tag="852"><subfield code="a">11173</subfield><subfield code="c">536</subfield></datafield><datafield ind1=" " ind2=" " tag="CAT"><subfield code="a">Sys</subfield><subfield code="c">20110503</subfield><subfield code="h">125435</subfield></datafield></record></collection>